% TIDIED VIA https://flamingtempura.github.io/bibtex-tidy/
%%%%%%%%%%%%%%%%%%%%%%%%%%%%%%%%%%%%
%%%%%%%%% CHAPTER ONE %%%%%%%%%%%%%%
%%%%%%%%%%%%%%%%%%%%%%%%%%%%%%%%%%%%
@book{Taruskin_2009,
	title        = {Music from the Earliest Notations to the Sixteenth Century: The Oxford History of Western Music},
	shorttitle   = {Music from the Earliest Notations to the 16th Century},
	author       = {Taruskin, Richard},
	year         = 2009,
	month        = jul,
	publisher    = {Oxford University Press},
	address      = {New York},
	isbn         = {978-0-19-538481-9},
	edition      = {Revised ed. edition},
	language     = {English}
}
@book{Taruskin_2009a,
	title        = {Music in the Nineteenth Century: The Oxford History of Western Music},
	shorttitle   = {Music in the 19th Century},
	author       = {Taruskin, Richard},
	year         = 2009,
	month        = jul,
	publisher    = {Oxford University Press},
	address      = {Oxford; New York},
	isbn         = {978-0-19-538483-3},
	edition      = {Illustrated edition},
	language     = {English}
}
@book{Taruskin_2009b,
	title        = {Music in the Seventeenth and Eighteenth Centuries: The Oxford History of Western Music},
	shorttitle   = {Music in the 17th and 18th Centuries},
	author       = {Taruskin, Richard},
	year         = 2009,
	month        = jul,
	publisher    = {Oxford University Press},
	address      = {Oxford; New York},
	isbn         = {978-0-19-538482-6},
	edition      = {Revised ed. edition},
	language     = {English}
}
@article{Schuiling_2019,
	title        = {Notation Cultures: Towards an Ethnomusicology of Notation},
	shorttitle   = {Notation Cultures},
	author       = {Schuiling, Floris},
	year         = 2019,
	month        = jul,
	journal      = {Journal of the Royal Musical Association},
	publisher    = {Routledge},
	volume       = 144,
	number       = 2,
	pages        = {429–458},
	doi          = {10.1080/02690403.2019.1651508},
	issn         = {0269-0403}
}
@article{Kanno_2007,
	title        = {Prescriptive notation: Limits and challenges},
	author       = {Kanno, Mieko},
	year         = 2007,
	month        = apr,
	journal      = {Contemporary Music Review},
	publisher    = {Routledge},
	volume       = 26,
	number       = 2,
	pages        = {231–254},
	doi          = {10.1080/07494460701250890},
	issn         = {0749-4467}
}
@book{Eco_Robey_1989,
	title        = {The Open Work},
	author       = {Eco, Umberto and Robey, David},
	year         = 1989,
	month        = apr,
	publisher    = {Harvard University Press},
	address      = {Cambridge, Mass},
	isbn         = {978-0-674-63976-8},
	editor       = {Cancogni, Anna},
	language     = {English}
}
@article{Chung_2019,
	title        = {Transcribing Couperin's Preludes \`{a} la D'Anglebert: a Journey into the Creative Processes of the 17th-century Quasi-improvisatory Tradition},
	shorttitle   = {Transcribing Couperin's Preludes},
	author       = {Chung, David},
	year         = 2019,
	journal      = {Music \& Practice},
	volume       = 5,
	issn         = {1893-9562},
	url          = {https://www.musicandpractice.org/volume-5/transcribing-couperins-preludes-a-la-danglebert/},
	language     = {en-GB}
}
@article{Seeger_1958,
	title        = {Prescriptive and Descriptive Music-Writing},
	author       = {Seeger, Charles},
	year         = 1958,
	journal      = {The Musical Quarterly},
	publisher    = {Oxford University Press},
	volume       = 44,
	number       = 2,
	pages        = {184–195},
	issn         = {0027-4631}
}
@phdthesis{Arezzo_1943,
	title        = {Micrologus},
	shorttitle   = {Micrologus (1943)},
	author       = {La Duke, Leone Bernice and d'Arezzo, Guido},
	year         = 1943,
	url          = {https://scholarsbank.uoregon.edu/xmlui/handle/1794/9888},
	note         = {Accepted: 2009-10-23},
	type         = {Thesis},
	school       = {University of Oregon}
}
@book{Guido_1904,
	title        = {Guidonis Monachi Aretini Micrologus [de disciplina artis musicae] ad praestantiores codices mss. exactus},
	shorttitle   = {Micrologus (1904)},
	author       = {d'Arezzo, Guido},
	year         = 1904,
	publisher    = {Descl\'{e}e},
	language     = {Latin}
}
@unpublished{Guido_1000,
	title        = {Guidonis Aretini Micrologus. - Guidonis Aretini Dialogus in musicam. - de Similitudine virilis chori femineique ad autentos plagas},
	shorttitle   = {Micrologus (ca. 1000)},
	author       = {d'Arezzo, Guido},
	address      = {Netherlands},
	url          = {http://hdl.handle.net/1887.1/item:1805705},
	type         = {scans},
	callnumber   = {BPL194},
	language     = {Latin}
}
@article{Hucke_1980,
	title        = {Toward a New Historical View of Gregorian Chant},
	author       = {Hucke, Helmut},
	year         = 1980,
	journal      = {Journal of the American Musicological Society},
	publisher    = {[University of California Press, American Musicological Society]},
	volume       = 33,
	number       = 3,
	pages        = {437–467},
	doi          = {10.2307/831302},
	issn         = {0003-0139}
}
@article{Hughes_1987,
	title        = {Evidence for the Traditional View of the Transmission of Gregorian Chant},
	author       = {Hughes, David G.},
	year         = 1987,
	journal      = {Journal of the American Musicological Society},
	publisher    = {[University of California Press, American Musicological Society]},
	volume       = 40,
	number       = 3,
	pages        = {377–404},
	doi          = {10.2307/831674},
	issn         = {0003-0139}
}
@article{Brunner_1982,
	title        = {The Performance of Plainchant: Some Preliminary Observations of the New Era},
	shorttitle   = {The Performance of Plainchant},
	author       = {Brunner, Lance W.},
	year         = 1982,
	journal      = {Early Music},
	publisher    = {Oxford University Press},
	volume       = 10,
	number       = 3,
	pages        = {317–328},
	issn         = {0306-1078}
}
@inbook{Canguilhem_2017,
	title        = {Toward a stylistic history of Cantare super Librum},
	author       = {Canguilhem, Philippe},
	year         = 2017,
	month        = jan,
	booktitle    = {Studies in Historical Improvisation: From Cantare super Librum to Partimenti},
	publisher    = {Taylor \& Francis},
	pages        = {55–71},
	isbn         = {978-1-317-04894-7},
	editor       = {Guido, Massimiliano},
	language     = {en}
}
@online{Rotem_2022,
	title        = {Cantare Super Librum},
	author       = {Rotem, Elam and Braithwaite, Tim and Motuz, Catherine and Schubert, Peter},
	year         = 2022,
	month        = sep,
	journal      = {Early Music Sources},
	url          = {https://www.earlymusicsources.com/youtube/cantaresuperlibrum},
	urldate      = {2023-06-30},
	language     = {en-US}
}
@article{Reisenweaver_2012,
	title        = {Guido of Arezzo and His Influence on Music Learning},
	author       = {Reisenweaver, Anna},
	year         = 2012,
	month        = jan,
	journal      = {Musical Offerings},
	volume       = 3,
	number       = 1,
	doi          = {10.15385/jmo.2012.3.1.4},
	issn         = {2167-3799},
	url          = {https://digitalcommons.cedarville.edu/musicalofferings/vol3/iss1/4}
}
@book{Lusitano_1561,
	title        = {Introduttione facilissima, et novissima, di canto fermo, figurato, contraponto semplice, et in concerto},
	author       = {Lusitano, Vicente},
	year         = 1561,
	publisher    = {Francesco Rampazetto},
	address      = {Venice},
	edition      = {3rd}
}
@article{Moore_1992,
	title        = {The Decline of Improvisation in Western Art Music: An Interpretation of Change},
	shorttitle   = {The Decline of Improvisation},
	author       = {Moore, Robin},
	year         = 1992,
	journal      = {International Review of the Aesthetics and Sociology of Music},
	publisher    = {Croatian Musicological Society},
	volume       = 23,
	number       = 1,
	pages        = {61–84},
	doi          = {10.2307/836956},
	issn         = {0351-5796}
}
@online{Telemann_1734,
	title        = {Violin Sonata, TWV 41:F3 (Telemann, Georg Philipp)},
	url          = {https://imslp.org/wiki/Special:ReverseLookup/325279},
	urldate      = {2023-07-01}
}
@online{Beethoven_manuscript,
	title        = {Violin Sonata No.9, Op.47 (Beethoven, Ludwig van)},
	url          = {https://imslp.org/wiki/Special:ReverseLookup/107287},
	urldate      = {2023-07-01}
}
@online{Corri,
	title        = {Variations on `Loch Erroch Side', IDC 4 (Corri, Domenico)},
	url          = {https://imslp.org/wiki/Special:ReverseLookup/514849},
	urldate      = {2023-07-01}
}
@article{Lewis_2007,
	title        = {Improvisation and Pedagogy: Background and Focus of Inquiry},
	shorttitle   = {Improvisation and Pedagogy},
	author       = {Lewis, George E.},
	year         = 2007,
	month        = dec,
	journal      = {Critical Studies in Improvisation / \'{E}tudes critiques en improvisation},
	volume       = 3,
	number       = 22,
	doi          = {10.21083/csieci.v3i2.412},
	issn         = {1712-0624},
	url          = {https://www.criticalimprov.com/index.php/csieci/article/view/412},
	rights       = {Copyright (c)},
	language     = {en}
}
@article{Rosen_1970,
	title        = {Ornament and Structure in Beethoven},
	author       = {Rosen, Charles},
	year         = 1970,
	journal      = {The Musical Times},
	publisher    = {Musical Times Publications Ltd.},
	volume       = 111,
	number       = 1534,
	pages        = {1198–1201},
	doi          = {10.2307/955820},
	issn         = {0027-4666}
}
@article{Diergarten_2011,
	title        = {Romantic thoroughbass: music theory between improvisation, composition and performance},
	shorttitle   = {Romantic thoroughbass},
	author       = {Diergarten, Felix},
	year         = 2011,
	journal      = {Theoria: historical aspects of music theory},
	publisher    = {University of North Texas},
	volume       = 18,
	pages        = {5–36},
	issn         = {1554-1312},
	rights       = {https://rightsstatements.org/page/InC/1.0/},
	language     = {eng}
}
@article{Swain_1988,
	title        = {Form and Function of the Classical Cadenza},
	author       = {Swain, Joseph P.},
	year         = 1988,
	journal      = {The Journal of Musicology},
	publisher    = {University of California Press},
	volume       = 6,
	number       = 1,
	pages        = {27–59},
	doi          = {10.2307/763668},
	issn         = {0277-9269}
}
@book{Berliner_1994,
	title        = {Thinking in Jazz: The Infinite Art of Improvisation},
	shorttitle   = {Thinking in Jazz},
	author       = {Berliner, Paul F.},
	year         = 1994,
	month        = oct,
	publisher    = {University of Chicago Press},
	address      = {Chicago},
	isbn         = {978-0-226-04381-4},
	edition      = {1st edition},
	language     = {English}
}
@article{Walser_1993,
	title        = {Out of Notes: Signification, Interpretation, and the Problem of Miles Davis},
	shorttitle   = {Out of Notes},
	author       = {Walser, Robert},
	year         = 1993,
	journal      = {The Musical Quarterly},
	publisher    = {Oxford University Press},
	volume       = 77,
	number       = 2,
	pages        = {343–365},
	issn         = {0027-4631}
}
@article{Abel_2016,
	title        = {Radical openness: Chord symbols, musical abstraction and modernism},
	shorttitle   = {Radical openness},
	author       = {Abel, Mark},
	year         = 2016,
	journal      = {Radical Philosophy},
	number       = 195,
	issn         = {0300-211X},
	url          = {https://www.radicalphilosophy.com/article/radical-openness},
	language     = {English}
}
@book{Berio_1958,
	title        = {Sequenza per Flauto Solo},
	author       = {Berio, Luciano},
	year         = 1958,
	publisher    = {Edizioni Suvini Zerboni},
	language     = {Italian}
}
@misc{Carl_2010,
	title        = {Terry Riley's In C - New Music USA},
	author       = {Carl, Robert},
	year         = 2010,
	month        = jan,
	url          = {https://newmusicusa.org/nmbx/terry-rileys-in-c/},
	language     = {en-US}
}
@book{Feldman_2002,
	title        = {Projection 1},
	author       = {Feldman, Morton},
	year         = 1961,
	publisher    = {C. F. Peters},
	issn         = 9790014053598,
	language     = {English}
}
@book{Griffiths_2011,
	title        = {Modern Music and After},
	author       = {Griffiths, Paul},
	year         = 2011,
	month        = feb,
	publisher    = {Oxford University Press},
	address      = {New York},
	isbn         = {978-0-19-974050-5},
	edition      = {3rd edition},
	language     = {English}
}
@article{Brown_2008,
	title        = {On December 1952},
	author       = {Brown, Earle},
	year         = 2008,
	journal      = {American Music},
	publisher    = {University of Illinois Press},
	volume       = 26,
	number       = 1,
	pages        = {1–12},
	issn         = {0734-4392}
}
@article{Ryan_2002,
	title        = {Earle Brown},
	author       = {Ryan, David},
	year         = 2002,
	month        = aug,
	journal      = {The Guardian},
	issn         = {0261-3077},
	url          = {https://www.theguardian.com/news/2002/aug/22/guardianobituaries.arts},
	language     = {en-GB}
}
@book{Brown_1986,
	title        = {Folio and 4 Systems},
	author       = {Brown, Earle},
	year         = 1986,
	month        = nov,
	publisher    = {Associated Music Publishers},
	isbn         = {978-0-634-03808-2},
	language     = {en}
}
@book{Taruskin_2009d,
	title        = {Music in the Late Twentieth Century: The Oxford History of Western Music},
	shorttitle   = {Music in the Late Twentieth Century},
	author       = {Taruskin, Richard},
	year         = 2009,
	month        = jul,
	publisher    = {Oxford University Press},
	address      = {New York},
	isbn         = {978-0-19-538485-7},
	edition      = {Revised ed. edition},
	language     = {English}
}
@article{Dohoney_2017,
	title        = {Spontaneity, Intimacy, and Friendship in Morton Feldman's Music of the 1950s},
	author       = {Dohoney, Ryan},
	year         = 2017,
	month        = sep,
	journal      = {Modernism/modernity Print Plus},
	publisher    = {Johns Hopkins University Press},
	url          = {https://modernismmodernity.org/articles/morton-feldman},
	language     = {en}
}
@misc{Duffie,
	title        = {Composer Earle Brown: A Conversation with Bruce Duffie},
	author       = {Duffie, Bruce},
	year         = 1991,
	url          = {http://www.bruceduffie.com/brown.html}
}
@book{Kite-Powell_2012,
	title        = {A Performer's Guide to Seventeenth-Century Music, Second Edition},
	author       = {Kite-Powell, Jeffery},
	year         = 2012,
	month        = mar,
	publisher    = {Indiana University Press},
	abstractnote = {Revised and expanded, A Performer's Guide to Seventeenth Century Music is a comprehensive reference guide for students and professional musicians. The book contains useful material on vocal and choral music and style; instrumentation; performance practice; ornamentation, tuning, temperament; meter and tempo; basso continuo; dance; theatrical production; and much more. The volume includes new chapters on the violin, the violoncello and violone, and the trombone--as well as updated and expanded reference materials, internet resources, and other newly available material. This highly accessible handbook will prove a welcome reference for any musician or singer interested in historically informed performance.},
	language     = {en}
}
@article{Hammel_1977,
	title        = {The Figured-bass Accompaniment in Bach's Time: A Brief Summary of Its Development and An Examination of Its Use, Together With a Sample Realization, Part I},
	author       = {Hammel, Marla},
	year         = 1977,
	journal      = {Bach},
	publisher    = {Riemenschneider Bach Institute},
	volume       = 8,
	number       = 3,
	pages        = {26–31},
	issn         = {0005-3600}
}
@inbook{Pace_2009,
	title        = {Notation, Time and the Performer's Relationship to the Score in Contemporary Music},
	author       = {Pace, Ian},
	year         = 2009,
	publisher    = {Leuven University Press},
	pages        = {151–192},
	isbn         = {978-90-5867-735-8},
	url          = {http://upers.kuleuven.be/en/book/9789058677358},
	abstractnote = {This book addresses the temporal significance of specific topics such as notation, tempo, meter, and rhythm within broader contexts of performance, composition, aesthetics, and philosophy.},
	editor       = {Crispin, D.},
	language     = {en}
}
%%%%%%%%%%%%%%%%%%%%%%%%%%%%%%%%%%%%
%%%%%%%%% CHAPTER TWO %%%%%%%%%%%%%%
%%%%%%%%%%%%%%%%%%%%%%%%%%%%%%%%%%%%
@book{Ligeti_1965,
	title        = {Notation neuer Musik},
	author       = {Thomas Ernst and Dahlhaus Carl and Ligeti Gy\"{o}rgy and Haubenstock-Ramati Roman and Kagel Mauricio and Brown Earle and Palm Siegfried and Kontarsky Aloys and Caskel Christoph},
	year         = 1965,
	publisher    = {B. Schott's S\"{o}hne},
	url          = {https://ci.nii.ac.jp/ncid/BA86950051},
	language     = {ja}
}
@book{Boulez_Nattiez_2019,
	title        = {Music Lessons: The Coll\`{e}ge de France Lectures},
	shorttitle   = {Music Lessons},
    author       = {Boulez, Pierre and Nattiez, Jean-Jacques},
	year         = 2019,
	month        = nov,
	publisher    = {University of Chicago Press},
	address      = {Chicago},
	isbn         = {978-0-226-67259-5},
	edition      = {First Edition},
	editor       = {Dunsby, Jonathan and Goldman, Jonathan and Whittall, Arnold},
	language     = {English}
}
@book{Lachenmann_1969,
	title        = {Pression},
	author       = {Lachenmann, Helmut},
	year         = 1969,
	publisher    = {Breitkopf \& H\"{a}rtel},
	address      = {Wiesbaden, Leipzig, Paris}
}
@misc{Bent_2014,
	title        = {Notation},
	author       = {Bent, Ian D. and Hughes, David W. and Provine, Robert C. and Rastall, Richard and Kilmer, Anne and Hiley, David and Szendrei, Janka and Payne, Thomas B. and Bent, Margaret and Chew, Geoffrey},
	year         = 2014,
	journal      = {Grove Music Online},
	isbn         = 9781561592630,
	url          = {https://doi.org/10.1093/gmo/9781561592630.article.20114},
	language     = {en}
}
@inbook{Lutteken_2020,
	title        = {The work concept},
	author       = {Lutteken, Laurenz},
	year         = 2020,
	month        = jan,
	booktitle    = {The Cambridge History of Fifteenth-Century Music},
	publisher    = {Cambridge University Press},
	address      = {Cambridge},
	pages        = {55–67},
	isbn         = {978-1-108-79188-5},
	editor       = {Berger, Anna Maria Busse and Rodin, Jesse},
	language     = {English}
}
@article{Cauwenberghe_2021,
	title        = {A ritual of openness. The (meta-)reality of Anthony Braxton's Ghost Trance Music},
	shorttitle   = {A ritual of openness},
	author       = {Cauwenberghe, Kobe Van},
	year         = 2021,
	month        = feb,
	journal      = {FORUM+},
	publisher    = {Amsterdam University Press},
	volume       = 28,
	number       = 1,
	pages        = {48–57},
	doi          = {10.5117/forum2021.1.vanc},
	issn         = {0779-7397},
	language     = {en}
}
@misc{Wood_2015,
	title        = {Introduction to Music Notation},
	author       = {Wood, Sienna M.},
	year         = 2015,
	journal      = {Music Crash Courses},
	url          = {https://www.musiccrashcourses.com/lessons/notation\%5Fintro.html}
}
@misc{debbielyddon_2015,
	title        = {Notations – seeing sound},
	author       = {Lyddon, Debbie},
	year         = 2015,
	month        = may,
	journal      = {debbie lyddon},
	url          = {https://debbielyddon.wordpress.com/2015/05/18/notations-seeing-sound/},
	language     = {en}
}
@misc{Music_101,
	title        = {Music 101: What Is Musical Notation? Learn About The Different Types of Musical Notes and Time Signatures},
	author       = {{M}asterclass},
	year         = 2021,
	month        = jun,
	journal      = {MasterClass},
	url          = {https://www.masterclass.com/articles/music-101-what-is-musical-notation-learn-about-the-different-types-of-musical-notes-and-time-signatures},
	language     = {en}
}
@book{Andriessen_1975,
	title        = {Workers Union},
	author       = {Andriessen, Louis},
	year         = 1975,
	publisher    = {MiziekGroep Nederland},
	address      = {Amsterdam},
	language     = {English}
}
@book{Cope_1984,
	title        = {New Directions in Music},
	author       = {Cope, David},
	year         = 1984,
	publisher    = {Wm. C. Brown Publishers},
	address      = {Dubuque, Iowa},
	isbn         = {0-697-03607-3},
	edition      = {4th},
	language     = {English}
}
@article{Benadon_2009,
	title        = {Gridless Beats},
	author       = {Benadon, Fernando},
	year         = 2009,
	journal      = {Perspectives of New Music},
	publisher    = {Perspectives of New Music},
	volume       = 47,
	number       = 1,
	pages        = {135–164},
	doi          = {10.1353/pnm.2009.0019},
	issn         = {2325-7180}
}
@book{Tenney_1971,
	title        = {Having Never Written a Note for Percussion},
	author       = {Tenney, James Carl},
	year         = 1971,
	publisher    = {Noten Roehr},
	language     = {English}
}
@misc{CHANTILLY,
	title        = {Codex Chantilly (Various)},
	journal      = {IMSLP},
	url          = {https://imslp.org/wiki/Codex\%5FChantilly\%5F(Various)}
}
@book{Ligeti_forthcoming,
	title        = {The Illusion Machine: Selected Writings of Gy\"{o}rgy Ligeti (forthcoming)},
	shorttitle   = {The Illusion Machine},
	author       = {Ligeti, Gy\"{o}rgy},
    publisher    = {Oxford University Press},
    editor       = {Griffiths, Paul},
	translator   = {Griffiths, Edmund},
	language     = {English}
}
@book{Braxton_Comp_76,
	title        = {Composition No. 76},
	author       = {Braxton, Anthony},
	year         = 2014,
	publisher    = {Tri-Centric Foundation},
	language     = {English}
}
@book{Cardew_1967,
	title        = {Treatise},
	author       = {Cardew, Cornelius},
	year         = 1967,
	publisher    = {Hinrichsen Edition, Ltd.},
	address      = {London},
	language     = {English}
}
@book{Feldman_1964,
	title        = {King of Denmark},
	author       = {Feldman, Morton},
	year         = 1965,
	publisher    = {C. F. Peters Corporation},
	address      = {Glendale, NY},
	language     = {English}
}
@article{Ishida_2008,
	title        = {The textures of Central Javanese gamelan music: Pre-notation and its discontents},
	author       = {Ishida, Noriko},
	year         = 2008,
	month        = jan,
	journal      = {Bijdragen tot de taal-, land- en volkenkunde / Journal of the Humanities and Social Sciences of Southeast Asia},
	publisher    = {Brill},
	volume       = 164,
	number       = 4,
	pages        = {475–499},
	doi          = {10.1163/22134379-90003652},
	issn         = {0006-2294, 2213-4379},
	language     = {en}
}
@book{Cage_1960,
	title        = {Concert for Piano and Orchestra: Solo for Piano},
	author       = {Cage, John},
	year         = 1960,
	publisher    = {Edition Peters},
	address      = {New York}
}
@book{Bussotti_1959,
	title        = {Five Piano Pieces for David Tudor: 1959: Extraits de Pi\`{e}ces de Chair II (reproduction de manuscript de l'auteur)},
	shorttitle   = {Five Piano Pieces for David Tudor},
	author       = {Bussotti, Sylvano},
	year         = 1959,
	publisher    = {Universal Edition},
	address      = {London}
}
@article{Gutkin,
	title        = {Drastic or Plastic?: Threads from Karlheinz Stockhausen ``Musik und Graphik,'' 1959},
	shorttitle   = {Drastic or Plastic?},
	author       = {Gutkin, David},
	journal      = {Perspectives of New Music, Volume 50, Winter/Summer 2012},
	url          = {https://muse.jhu.edu/article/778105/},
	language     = {en}
}
@music{Revis_2020,
	title        = {Slipknots Through a Looking Glass, Part 2},
	author       = {Revis, Eric},
	year         = 2020,
	booktitle    = {Slipknots Through a Looking Glass},
	publisher    = {Pyroclastic Records},
	howpublished = {CD},
	bookauthor   = {Revis, Eric},
	chapter      = 7
}
@article{Xenakis_1987,
	title        = {Mycenae Alpha 1978},
	author       = {Xenakis, Iannis},
	year         = 1987,
	journal      = {Perspectives of New Music},
	publisher    = {Perspectives of New Music},
	volume       = 25,
	number       = {1/2},
	pages        = {12–15},
	issn         = {0031-6016}
}
@book{Berberian_1966,
	title        = {Stripsody},
	author       = {Berberian, Cathy},
	year         = 1966,
	publisher    = {C.F. Peters},
	address      = {New York}
}
%%%%%%%%%%%%%%%%%%%%%%%%%%%%%%%%%%%%
%%%%%%%%% CHAPTER THREE %%%%%%%%%%%%
%%%%%%%%%%%%%%%%%%%%%%%%%%%%%%%%%%%%
@book{Braxton_1977,
	title        = {Composition No. 76},
	author       = {Braxton, Anthony},
	year         = 1977,
	publisher    = {The Tri-Centric Foundation},
	address      = {New Haven, Conn.}
}
@article{Steinbeck_2018,
	title        = {Improvisation and Collaboration in Anthony Braxton's Composition 76},
	shorttitle   = {Anthony Braxton's Comp. 76},
	author       = {Steinbeck, Paul},
	year         = 2018,
	month        = oct,
	journal      = {Journal of Music Theory},
	volume       = 62,
	number       = 2,
	pages        = {249–278},
	doi          = {10.1215/00222909-7127682},
	issn         = {0022-2909}
}
@book{Radulescu_1993,
	title        = {Before the Universe was Born, Op. 89},
	shorttitle   = {Op. 89},
	author       = {R\u{a}dulescu, Horațiu},
	year         = 1993,
	publisher    = {Lucero Print}
}
@book{Radulescu_1984,
	title        = {Das Andere},
	author       = {R\u{a}dulescu, Horațiu},
	year         = 1984,
	publisher    = {Lucero Print}
}
@book{Braxton_1988,
	title        = {Composition Notes Book D},
	shorttitle   = {Comp. Notes D},
	author       = {Braxton, Anthony},
	year         = 1988,
	publisher    = {Frog Peak Music},
	address      = {Lebanon, NH},
	language     = {English}
}
@book{Lock_1989,
	title        = {Forces in Motion: The Music And Thoughts Of Anthony Braxton},
	shorttitle   = {Forces in Motion},
	author       = {Lock, Graham},
	year         = 1989,
	month        = mar,
	publisher    = {Da Capo Press},
	address      = {New York, N.Y},
	isbn         = {978-0-306-80342-0},
	edition      = {New Edition},
	language     = {English}
}
@article{Dicker_2016,
	title        = {SA16: Ghost Trance Music},
	author       = {Dicker, Erica},
	year         = 2016,
	journal      = {Sound American},
	number       = {16: The Anthony Braxton Issue},
	url          = {http://archive.soundamerican.org/sa\%5Farchive/sa16/sa16-ghost-trance-music.html}
}
@book{Braxton_For_Trio,
	title        = {For Trio},
	author       = {Braxton, Anthony},
	year         = 1978,
	publisher    = {Arista - AB 4181},
	language     = {en}
}
@book{Jost_1994,
	title        = {Free Jazz},
	author       = {Jost, Ekkehard},
	year         = 1994,
	publisher    = {Da Capo Press},
	address      = {New York},
	isbn         = {978-0-306-80556-1},
	language     = {en}
}
@article{Lock_2008,
	title        = {`What I Call a Sound': Anthony Braxton's Synaesthetic Ideal and Notations for Improvisers},
	shorttitle   = {`What I Call a Sound'},
	author       = {Lock, Graham},
	year         = 2008,
	month        = may,
	journal      = {Critical Studies in Improvisation / \'{E}tudes critiques en improvisation},
	volume       = 4,
	doi          = {10.21083/csieci.v4i1.462}
}
@misc{Testa,
	title        = {Composition No. 6E},
	author       = {Testa, Carl},
	year         = 2022,
	month        = nov,
	journal      = {Tri-Centric Foundation},
	url          = {https://tricentricfoundation.org/composition-no-6e},
	language     = {en-US}
}
@article{Suckling_2018,
	title        = {R\u{a}dulescu: The Other Spectralist},
	author       = {Suckling, Martin},
	year         = 2018,
	month        = jul,
	journal      = {Tempo},
	publisher    = {Cambridge University Press},
	volume       = 72,
	number       = 285,
	pages        = {20–40},
	doi          = {10.1017/S0040298218000074},
	issn         = {0040-2982, 1478-2286},
	language     = {en}
}
@article{Heery_2016,
	title        = {Sound Plasma: Horatiu R\u{a}dulescu's Oto-utopia},
	shorttitle   = {Sound Plasma},
	author       = {Heery, Francis},
	year         = 2016,
	journal      = {Tacet},
	volume       = 4,
	issn         = {978-2-84066-777-3}
}
@article{Dougherty_2014,
	title        = {On Horatiu Radulescu's Fifth String Quartet (`Before the Universe was Born') Op. 89},
	shorttitle   = {On Horatiu Radulescu's 5th String Quartet},
	author       = {Dougherty, William},
	year         = 2014,
	journal      = {Tempo},
	publisher    = {Cambridge University Press},
	volume       = 68,
	number       = 268,
	pages        = {34–45},
	issn         = {0040-2982}
}
@book{Braxton_1985,
	title        = {Tri-Axium Writings},
	author       = {Braxton, Anthony},
	year         = 1985,
	publisher    = {Frog Peak Music},
	address      = {Oakland, CA},
	volume       = 3
}
@article{Duncan_2010,
	title        = {Re-Complexifying the Function(s) of Notation in the Music of Brian Ferneyhough and the ``New Complexity''},
	author       = {Duncan, Stuart Paul},
	year         = 2010,
	journal      = {Perspectives of New Music},
	volume       = 48,
	number       = 1,
	pages        = {136–172},
	issn         = {0031-6016}
}
@book{Ferneyhough_1976,
	title        = {Unity Capsule},
	author       = {Ferneyhough, Brian},
	year         = 1976,
	publisher    = {Edition Peters}
}
@book{Ferneyhough_1995,
	title        = {Collected Writings},
	author       = {Ferneyhough, Brian},
	year         = 1995,
	publisher    = {Harwood Academic Publishers},
	isbn         = {978-3-7186-5576-2},
	language     = {en}
}
@article{Heaton_1983,
	title        = {Horatiu Radulescu, ``Sound Plasma''},
	author       = {Heaton, Roger},
	year         = 1983,
	journal      = {Contact},
	volume       = 26,
	issn         = {0308-5066}
}
@book{Radulescu_1975,
	title        = {Sound Plasma: Music of the Future Sign},
	author       = {R\u{a}dulescu, Horațiu},
	year         = 1975,
	publisher    = {Edition Modern},
	address      = {Munich}
}
@misc{SA16,
	title        = {SA16: The Anthony Braxton Issue},
	year         = 2021,
	url          = {http://archive.soundamerican.org/phone/index.html},
	urldate      = {2023-10-26}
}
@book{Lock_2000,
	title        = {Blutopia: Visions of the Future and Revisions of the Past in the Work of Sun Ra, Duke Ellington, and Anthony Braxton},
	shorttitle   = {Blutopia},
	author       = {Lock, Graham},
	year         = 2000,
	month        = 1,
	publisher    = {Duke University Press Books},
	address      = {Durham},
	isbn         = {978-0-8223-2440-9},
	language     = {English}
}
%%%%%%%%%%%%%%%%%%%%%%%%%%%%%%%%%%%%
%%%%%%%%% CHAPTER FOUR %%%%%%%%%%%%%
%%%%%%%%%%%%%%%%%%%%%%%%%%%%%%%%%%%%
@book{Lewis_1977,
	title        = {Shadowgraph, 5},
	author       = {Lewis, George},
	year         = 1977,
	publisher    = {Edition Peters},
	address      = {New York}
}
@misc{Wooley,
	title        = {Anthony Braxton's Language Music},
	author       = {Wooley, Nate},
	year         = 2021,
	journal      = {Sound American},
	url          = {http://archive.soundamerican.org/sa\%5Farchive/sa16/sa16-language-music.html}
}
@misc{Mitchell_1978,
	title        = {L-R-G / The Maze / S II Examples},
	author       = {Mitchell, Roscoe},
	year         = 1978,
	publisher    = {Nessa Records},
	howpublished = {Vinyl}
}
@book{Braxton_1988A,
	title        = {Composition Notes Book A},
	shorttitle   = {Comp. Notes A},
	author       = {Braxton, Anthony},
	year         = 1988,
	publisher    = {Frog Peak Music},
	address      = {Lebanon, NH},
	language     = {English}
}
@misc{Thomas_2016,
	title        = {Fingers, Fragility and Freedom – Christian Wolff's Pianist: Pieces},
	author       = {Thomas, Philip},
	year         = 2016,
	month        = oct,
	journal      = {Divergence Press},
	url          = {http://divergencepress.net/2016/10/24/2016-10-27-fingers-fragility-and-freedom-christian-wolffs-pianist-pieces/},
	language     = {en-GB}
}
@book{Cage_1958,
	title        = {Aria},
	author       = {Cage, John},
	year         = 1958,
	publisher    = {Edition Peters},
	isbn         = {978-0-300-73327-3},
	language     = {English}
}
@book{Wolff_1968,
	title        = {Edges},
	author       = {Wolff, Christian},
	year         = 1968,
	publisher    = {Edition Peters},
	language     = {English}
}
@misc{Bonhams,
	title        = {Lot 144: Monk, Thelonious Sphere. 1917-1982},
	author       = {Bonhams},
	url          = {https://www.bonhams.com/auction/22407/lot/144/monk-thelonious-sphere-1917-1982-autograph-musical-manuscript-signed-thelonious-m-monks-mood-1-page-new-york-c1956-7-6-34-x-7-12-inches/},
	urldate      = {2023-10-18},
	date         = {2015-06-16},
	language     = {en}
}
@book{Thompson_2006_1,
	title        = {Soundpainting: The Art of Live Composition Workbook I},
	shorttitle   = {Workbook I},
	author       = {Thompson, Walter},
	year         = 2006,
	publisher    = {Walter Thompson},
	address      = {New York, N.Y.}
}
@book{Morris_2017,
	title        = {The Art of Conduction -- a Conduction$^{®}$ Workbook},
	shorttitle   = {The Art of Conduction},
	author       = {Morris, Lawrence D. ``Butch''},
	year         = 2017,
	publisher    = {Karma},
	address      = {New York}
}
@misc{MAX,
	title        = {Max},
	author       = {{Cycling `74}},
	url          = {https://cycling74.com/products/max},
	date         = 2023,
	version      = {8.5.4}
}
@misc{Agostini_Ghisi,
	title        = {bach: Computer-aided composition in Max},
	author       = {Agostini, Andrea and Ghisi, Daniele},
	journal      = {Ircam},
	url          = {https://forum.ircam.fr/projects/detail/bach-computer-aided-composition-in-max/},
	date         = 2023
}
